@Preamble{ " \newcommand{\noop}[1]{} " }

@article{chetty2018race,
  title={Race and economic opportunity in the {U}nited {S}tates (non-technical summary)},
  author={Chetty, Raj and Hendren, Nathaniel and Jones, Maggie R and Porter, Sonya R},
  journal={NBER Working Paper 24441},
  year={2018}
}
@article{heller2017thinking,
  title={Thinking, fast and slow? {S}ome field experiments to reduce crime and dropout in {C}hicago},
  author={Heller, Sara B and Shah, Anuj K and Guryan, Jonathan and Ludwig, Jens and Mullainathan, Sendhil and Pollack, Harold A},
  journal={The Quarterly Journal of Economics},
  volume={132},
  number={1},
  pages={1--54},
  year={2017},
  publisher={Oxford University Press}
}
@article{tuttle2019snapping,
  title={Snapping back: Food stamp bans and criminal recidivism},
  author={Tuttle, Cody},
  journal={American Economic Journal: Economic Policy},
  volume={11},
  number={2},
  pages={301--27},
  year={2019}
}
@article{hoynes2018effective,
  title={Effective policy for reducing poverty and inequality? {The Earned Income Tax Credit} and the distribution of income},
  author={Hoynes, Hilary W and Patel, Ankur J},
  journal={Journal of Human Resources},
  volume={53},
  number={4},
  pages={859--890},
  year={2018},
  publisher={University of Wisconsin Press}
}
@article{autor2015why,
  title={Why are there still so many jobs? {T}he history and future of workplace automation},
  author={Autor, David},
  journal={Journal of Economic Perspectives},
  volume={29},
  number={3},
  pages={3--30},
  year={2015}
}
@article{peri2020economic,
  title={The Economic Impact of Migrants from {H}urricane {M}aria},
  author={Peri, Giovanni and Rury, Derek and Wiltshire, Justin C},
  journal={NBER Working Paper 27718},
  year={2020}
}
@article{azar2020labor,
  title={Labor market concentration},
  author={Azar, Jos{\'e} and Marinescu, Ioana and Steinbaum, Marshall},
  journal={Journal of Human Resources},
  pages={1218--9914R1},
  year={2020},
  publisher={University of Wisconsin Press}
}
@article{jardim2017minimum,
  title={Minimum wage increases, wages, and low-wage employment: Evidence from {S}eattle},
  author={Jardim, Ekaterina and Long, Mark C and Plotnick, Robert and Van Inwegen, Emma and Vigdor, Jacob and Wething, Hilary},
  journal={NBER Working Paper 23532},
  year={2017}
}
@article{arteaga2018effect,
  title={The effect of human capital on earnings: Evidence from a reform at {C}olombia's top university},
  author={Arteaga, Carolina},
  journal={Journal of Public Economics},
  volume={157},
  pages={212--225},
  year={2018},
  publisher={Elsevier}
}
@article{lee2021diversity,
  title={Diversity and the timing of preference in hiring decisions},
  author={Lee, Logan M and Waddell, Glen R},
  journal={Journal of Economic Behavior \& Organization},
  volume={184},
  pages={432--459},
  year={2021},
  publisher={Elsevier}
}
@article{lovenheim2019long,
  title={The long-run effects of teacher collective bargaining},
  author={Lovenheim, Michael F and Will{\'e}n, Alexander},
  journal={American Economic Journal: Economic Policy},
  volume={11},
  number={3},
  pages={292--324},
  year={2019}
}
@article{farber2018unions,
  title={Unions and inequality over the twentieth century: New evidence from survey data},
  author={Farber, Henry S and Herbst, Daniel and Kuziemko, Ilyana and Naidu, Suresh},
  journal={NBER Working Paper 24587},
  year={2018},
  institution={National Bureau of Economic Research}
}
@article{bertrand2004emily,
  title={Are {E}mily and {G}reg more employable than {L}akisha and {J}amal? {A} field experiment on labor market discrimination},
  author={Bertrand, Marianne and Mullainathan, Sendhil},
  journal={American Economic Review},
  volume={94},
  number={4},
  pages={991--1013},
  year={2004}
}
@article{agan2018ban,
  title={Ban the box, criminal records, and racial discrimination: {A} field experiment},
  author={Agan, Amanda and Starr, Sonja},
  journal={The Quarterly Journal of Economics},
  volume={133},
  number={1},
  pages={191--235},
  year={2018},
  publisher={Oxford University Press}
}